@article{Hintonatel, 
	author={Hinton, G. and Li Deng and Dong Yu and Dahl, G.E. and Mohamed, A. and Jaitly, N. and Senior, A. and Vanhoucke, V. and Nguyen, P. and Sainath, T.N. and Kingsbury, B.}, 
	journal={Signal Processing Magazine, IEEE}, 
	title={Deep Neural Networks for Acoustic Modeling in Speech Recognition: The Shared Views of Four Research Groups}, 
	year={2012}, 
	month={Nov}, 
	volume={29}, 
	number={6}, 
	pages={82-97}, 
}
	
@article{MAP, 
	author={Gauvain, J. and Chin-Hui Lee}, 
	journal={IEEE Transactions on Speech and Audio Processing}, 
	title={Maximum a posteriori estimation for multivariate Gaussian mixture observations of Markov chains}, 
	year={1994}, 
	month={Apr}, 
	volume={2}, 
	number={2}, 
	pages={291-298},
}

@article{MLLR,
	author = {C. J. Leggetter and P. C. Woodland},
	journal={Computer Speech and Language}, 
	title = {Maximum likelihood linear regression for speaker adaptation of continuous density hidden Markov models},
	volume={9}, 
	number={2}, 
	pages={171-186},
	year = {1995}
}

@article{STC, 
	author={Gales, M.J.F.}, 
	journal={Speech and Audio Processing, IEEE Transactions on}, 
	title={Semi-tied covariance matrices for hidden Markov models}, 
	year={1999}, 
	volume={7}, 
	number={3}, 
	pages={272-281}, 
}

@inproceedings{Tandem, 
	author={Hermansky, H. and Ellis, D.P.W. and Sharma, S.}, 
	booktitle={Proc. ICASSP}, 
	title={Tandem connectionist feature extraction for conventional HMM systems}, 
	year={2000}, 
	month={}, 
	pages={1635-1638}, 
}

@inproceedings{Tandem2, 
	author={Bell, P. and Swietojanski, P. and Renals, S.}, 
	booktitle={Proc. ICASSP}, 
	title={Multi-level adaptive networks in tandem and hybrid ASR systems}, 
	year={2013}, 
	month={May}, 
	pages={6975-6979}, 
}

@inproceedings{ANN, 
	author={Morgan, N. and Bourlard, H.}, 
	booktitle={Proc. ICASSP}, 
	title={Continuous speech recognition using multilayer perceptrons with hidden Markov models}, 
	year={1990}, 
	month={Apr}, 
	pages={413-416},
}

@inproceedings{KLDNN, 
	author={Dong Yu and Kaisheng Yao and Hang Su and Gang Li and Seide, F.}, 
	booktitle={Proc. ICASSP}, 
	title={KL-divergence regularized deep neural network adaptation for improved large vocabulary speech recognition}, 
	year={2013}, 
	month={May}, 
	pages={7893-7897}, 
}

@inproceedings{IVECT, 
	author={Gupta, V. and Kenny, P. and Ouellet, P. and Stafylakis, T.}, 
	booktitle={Proc. ICASSP}, 
	title={I-vector-based speaker adaptation of deep neural networks for French broadcast audio transcription}, 
	year={2014}, 
	month={May}, 
	pages={6334-6338}, 
}

@inproceedings{IVECT1, 
	author={Saon, G. and Soltau, H. and Nahamoo, D. and Picheny, M.}, 
	booktitle={Proc. ASRU}, 
	title={Speaker adaptation of neural network acoustic models using i-vectors}, 
	year={2013}, 
	month={Dec}, 
	pages={55-59}, 
}

@inproceedings{IVECT4, 
	author={Senior, A. and Lopez-Moreno, I.}, 
	booktitle={Proc. ICASSP}, 
	title={Improving DNN speaker independence with I-vector inputs}, 
	year={2014}, 
	month={May}, 
	pages={225-229},
}

@article{IVECT2,
	author = {Najim Dehak and Patrick J. Kenny and RÃ©da Dehak and Pierre Dumouchel and Pierre Ouellet},
	title = {Front End Factor Analysis for Speaker Verification},
	journal = {IEEE Transactions on Audio, Speech and Language Processing},
	year = {2010}
}

@inproceedings{IVECT3, 
	author={Glembek, O. and Burget, L. and Matejka, P. and Karafiat, M. and Kenny, P.}, 
	booktitle={Proc. ICASSP}, 
	title={Simplification and optimization of i-vector extraction}, 
	year={2011}, 
	month={May}, 
	pages={4516-4519}, 
}

@inproceedings{SPEAKECODE1, 
	author={Abdel-Hamid, O. and Hui Jiang}, 
	booktitle={Proc. ICASSP}, 
	title={Fast speaker adaptation of hybrid NN/HMM model for speech recognition based on discriminative learning of speaker code}, 
	year={2013}, 
	month={May}, 
	pages={7942-7946}, 
}


@book{ASR_BOOK,
	author =    {Dong Yu and and Li Deng},
	title =     {Automatic Speech Recognition - A Deep Learning Approach},
	publisher = {Springer London},
	address =   {New York},
	year =      {2015}
}

@inproceedings{LIN1,
	author = {Victor Abrash and Horacio Franco and Ananth Sankar and Michael Cohen},
	title = {Connectionist Speaker Normalization And Adaptation},
	booktitle = {Proc. Eurospeech},
	year = {1995},
	pages = {2183--2186}
}

@inproceedings{LIBO,
	author = {Bo Li and Khe Chai Sim},
	title = {Comparison of discriminative input and output transformation for speaker adaptation in the hybrid NN/HMM systems},
	booktitle = {Proc. Interspeech},
	year = {2010},
	pages = {526--529}
}

@inproceedings{FDLR, 
	author={Seide, F. and Gang Li and Xie Chen and Dong Yu}, 
	booktitle={Proc. ASRU}, 
	title={Feature engineering in Context-Dependent Deep Neural Networks for conversational speech transcription}, 
	year={2011}, 
	month={Dec}, 
	pages={24-29}, 
}

@inproceedings{LHN, 
	author={Gemello, R. and Mana, F. and Scanzio, S. and Laface, P. and de Mori, Renato}, 
	booktitle={Proc. ICASSP}, 
	title={Adaptation of Hybrid ANN/HMM Models Using Linear Hidden Transformations and Conservative Training}, 
	year={2006}, 
	month={May}, 
	pages={1189-1192},
}

@inproceedings{L2, 
	author={Xiao Li and Bilmes, J.}, 
	booktitle={Proc. ICASSP}, 
	title={Regularized Adaptation of Discriminative Classifiers}, 
	year={2006}, 
	month={May}, 
}

@inproceedings{FOOTPRINT, 
	author={Jian Xue and Jinyu Li and Dong Yu and Seltzer, M. and Yifan Gong}, 
	booktitle={Proc. ICASSP}, 
	title={Singular value decomposition based low-footprint speaker adaptation and personalization for deep neural network}, 
	year={2014}, 
	month={May}, 
	pages={6359-6363}, 
}

@inproceedings{RLL, 
	author={Stadermann, J. and Rigoll, G.}, 
	booktitle={Proc. ICASSP}, 
	title={Two-Stage Speaker Adaptation of Hybrid Tied-Posterior Acoustic Models}, 
	year={2005}, 
	month={March}, 
	pages={977-980}, 
}


@inproceedings{OUTBIASES, 
	author={Kaisheng Yao and Dong Yu and Seide, F. and Hang Su and Li Deng and Yifan Gong}, 
	booktitle={Proc. SLT}, 
	title={Adaptation of context-dependent deep neural networks for automatic speech recognition}, 
	year={2012}, 
	month={Dec}, 
	pages={366-369}, 
}

@inproceedings{PCA, 
	author={Dupont, S. and Cheboub, L.}, 
	booktitle={Proc. ICASSP}, 
	title={Fast speaker adaptation of artificial neural networks for automatic speech recognition}, 
	year={2000}, 
	pages={1795-1798},
}

@inproceedings{HENGUAN, 
	author={Hengguan Huang and Khe Chai Sim}, 
	booktitle={Proc. ICASSP}, 
	title={An Investigation of Augmenting Speaker Representations to Improve Speaker Normalization for DNN-based Speech Recognition}, 
	year={2015}, 
	month={April}, 
}

@inproceedings{Kaldi,
	author = {Daniel Povey and Arnab Ghoshal and Gilles Boulianne and Nagendra Goel and Mirko Hannemann and Yanmin Qian and Petr Schwarz and Georg Stemmer},
	title = {The kaldi speech recognition toolkit},
	booktitle = {Proc. ASRU},
	year = {2011}
}


@inproceedings{Theano2,
	author = {Bergstra, James and Breuleux, Olivier and Bastien, Fr{\'{e}}d{\'{e}}ric and Lamblin, Pascal and Pascanu, Razvan and Desjardins, Guillaume and Turian, Joseph and Warde-Farley, David and Bengio, Yoshua},
	month = jun,
	title = {Theano: a {CPU} and {GPU} Math Expression Compiler},
	booktitle = {Proc. of the Python for Scientific Computing Conference ({SciPy})},
	year = {2010},
	location = {Austin, TX},
}

@inproceedings{IVECDNN, 
	author={Yajie Miao and Hao Zhang and Florian Metze}, 
	booktitle={Proc. Interspeech}, 
	title={Towards Speaker Adaptive Training of Deep Neural Network Acoustic Models}, 
	year={2014}, 
	month={September}, 
}